@book{adams1995hitchhiker,
  title={The Hitchhiker's Guide to the Galaxy},
  author={Adams, D.},
  isbn={9781417642595},
  url={http://books.google.com/books?id=W-xMPgAACAAJ},
  year={1995},
  publisher={San Val}
}

@article{Young99probabilisticmethods,
	author = {Steve Young},
	title = {Probabilistic Methods in Spoken Dialogue Systems},
	journal = {Philosophical Transactions of the Royal Society (Series A},
	year = {1999},
	volume = {358},
	pages = {1389--1402}
}

@article{mdp-bellmann,
	author = {Bellman, Richard},
	year = {1957},
	month = {04},
	pages = {15},
	title = {A Markovian Decision Process},
	volume = {6},
	booktitle = {Indiana University Mathematics Journal}
}
@article{mdp-pieraccini,
	author = {Levin, Esther and Pieraccini, R and Eckert, W},
	year = {1998},
	month = {01},
	pages = {72 - 79},
	title = {Learning dialogue strategies within the Markov decision process framework},
	isbn = {0-7803-3698-4}
}
@ARTICLE{levin_mdp, 
	author={E. Levin and R. Pieraccini and W. Eckert}, 
	journal={IEEE Transactions on Speech and Audio Processing}, 
	title={A stochastic model of human-machine interaction for learning dialog strategies}, 
	year={2000}, 
	volume={8}, 
	number={1}, 
	pages={11-23}, 
	keywords={interactive systems;optimisation;probability;Markov processes;learning (artificial intelligence);travel industry;information systems;decision theory;speech recognition;natural language interfaces;stochastic model;human-machine interaction;dialog strategies;quantitative model;dialog systems;optimization problem;sequential decision process;state transition probabilities;cost assignment;Markov decision process;optimal strategy;reinforcement learning;supervised learning;air travel information system;experiment;state space representation;Stochastic processes;Man machine systems;State-space methods;Design optimization;Costs;Stochastic systems;Training data;Supervised learning;System testing;Information systems}, 
	doi={10.1109/89.817450}, 
	ISSN={1063-6676}, 
	month={Jan},}
@INPROCEEDINGS{Levin97astochastic,
	author = {Esther Levin and Roberto Pieraccini},
	title = {A Stochastic Model of Computer-Human Interaction for Learning Dialogue Strategies},
	booktitle = {In EUROSPEECH 97},
	year = {1997},
	pages = {1883--1886}
}
@article{ncf2017,
  author    = {Xiangnan He and
               Lizi Liao and
               Hanwang Zhang and
               Liqiang Nie and
               Xia Hu and
               Tat{-}Seng Chua},
  title     = {Neural Collaborative Filtering},
  journal   = {CoRR},
  volume    = {abs/1708.05031},
  year      = {2017},
  url       = {http://arxiv.org/abs/1708.05031},
  archivePrefix = {arXiv},
  eprint    = {1708.05031},
  timestamp = {Tue, 05 Sep 2017 10:03:46 +0200},
  biburl    = {https://dblp.org/rec/bib/journals/corr/abs-1708-05031},
  bibsource = {dblp computer science bibliography, https://dblp.org}
}
@Book{Sutton-introRL,
  Title                    = {Reinforcement Learning : An Introduction},
  Annote                   = {SIGNATUR = 748.571},
  Author                   = {Richard S. Sutton and Andrew G. Barto},
  Keywords                 = {NEURAL NETWORKS},
  Publisher                = {MIT Press},
  Year                     = {1998},

  Place                    = {Favoritenstrasse 9/4th Floor/1863}
}
@article{DBLP:journals/corr/SutskeverVL14,
  author    = {Ilya Sutskever and
               Oriol Vinyals and
               Quoc V. Le},
  title     = {Sequence to Sequence Learning with Neural Networks},
  journal   = {CoRR},
  volume    = {abs/1409.3215},
  year      = {2014},
  url       = {http://arxiv.org/abs/1409.3215},
  archivePrefix = {arXiv},
  eprint    = {1409.3215},
  timestamp = {Wed, 07 Jun 2017 14:40:10 +0200},
  biburl    = {https://dblp.org/rec/bib/journals/corr/SutskeverVL14},
  bibsource = {dblp computer science bibliography, https://dblp.org}
}
@article{DBLP:journals/corr/abs-1711-01731,
  author    = {Hongshen Chen and
               Xiaorui Liu and
               Dawei Yin and
               Jiliang Tang},
  title     = {A Survey on Dialogue Systems: Recent Advances and New Frontiers},
  journal   = {CoRR},
  volume    = {abs/1711.01731},
  year      = {2017},
  url       = {http://arxiv.org/abs/1711.01731},
  archivePrefix = {arXiv},
  eprint    = {1711.01731},
  timestamp = {Fri, 01 Dec 2017 14:22:24 +0100},
  biburl    = {https://dblp.org/rec/bib/journals/corr/abs-1711-01731},
  bibsource = {dblp computer science bibliography, https://dblp.org}
}

@article{Larsson:2000:ISD:973935.973943,
	author = {Larsson, Staffan and Traum, David R.},
	title = {Information State and Dialogue Management in the TRINDI Dialogue Move Engine Toolkit},
	journal = {Nat. Lang. Eng.},
	issue_date = {September 2000},
	volume = {6},
	number = {3-4},
	month = sep,
	year = {2000},
	issn = {1351-3249},
	pages = {323--340},
	numpages = {18},
	url = {http://dx.doi.org/10.1017/S1351324900002539},
	doi = {10.1017/S1351324900002539},
	acmid = {973943},
	publisher = {Cambridge University Press},
	address = {New York, NY, USA},
}

@article{macwhinne_lang_evol,
	author = {Macwhinney, Brian},
	year = {2008},
	month = {12},
	pages = {},
	title = {Language Evolution and Human Development}
}

@article{turing_mind,
	author = {TURING, A. M.},
	title = {I.—COMPUTING MACHINERY AND INTELLIGENCE},
	journal = {Mind},
	volume = {LIX},
	number = {236},
	pages = {433-460},
	year = {1950},
	doi = {10.1093/mind/LIX.236.433},
	URL = {http://dx.doi.org/10.1093/mind/LIX.236.433},
	eprint = {/oup/backfile/content_public/journal/mind/lix/236/10.1093_mind_lix.236.433/1/433.pdf}
}

@Book{kurzweil_sing,
	Title                    = {The Singularity Is Near: When Humans Transcend Biology},
	Annote                   = {ISBN:0143037889},
	Author                   = {Ray Kurzweil},
	Publisher                = {Penguin (Non-Classics) ©2006 },
	Year                     = {2006},
}

@article{Weizenbaum:1966:ECP:365153.365168,
	author = {Weizenbaum, Joseph},
	title = {ELIZA\&Mdash;a Computer Program for the Study of Natural Language Communication Between Man and Machine},
	journal = {Commun. ACM},
	issue_date = {Jan. 1966},
	volume = {9},
	number = {1},
	month = jan,
	year = {1966},
	issn = {0001-0782},
	pages = {36--45},
	numpages = {10},
	url = {http://doi.acm.org/10.1145/365153.365168},
	doi = {10.1145/365153.365168},
	acmid = {365168},
	publisher = {ACM},
	address = {New York, NY, USA},
} 
@article{wide_deep_google,
	author = {Cheng, Heng-Tze and Koc, Levent and Harmsen, Jeremiah and Shaked, Tal and Chandra, Tushar and Aradhye, Hrishi and Anderson, Glen and Corrado, G.s and Chai, Wei and Ispir, Mustafa and Anil, Rohan and Haque, Zakaria and Hong, Lichan and Jain, Vihan and Liu, Xiaobing and Shah, Hemal},
	year = {2016},
	month = {09},
	pages = {7-10},
	title = {Wide and Deep Learning for Recommender Systems},
	isbn = {978-1-4503-4795-2}
}

@inproceedings{Tao_of_CHI,
	title={The Tao of CHI: Towards Effective Human-Computer Interaction},
	author={Robert Porzel and Manja Baudis},
	booktitle={HLT-NAACL},
	year={2004}
}

@article{zue_jupiter, 
	author={V. Zue and S. Seneff and J. R. Glass and J. Polifroni and C. Pao and T. J. Hazen and L. Hetherington}, 
	journal={IEEE Transactions on Speech and Audio Processing}, 
	title={JUPlTER: a telephone-based conversational interface for weather information}, 
	year={2000}, 
	volume={8}, 
	number={1}, 
	pages={85-96}, 
	keywords={speech-based user interfaces;speech recognition;telephony;weather forecasting;geophysics computing;public information systems;JUPlTER;telephone-based conversational interface;weather forecast information;spoken dialogue;telephone-based speech recognition;robust language understanding;language generation;dialogue modeling;multilingual interfaces;Jupiter;Natural languages;Humans;Speech recognition;Internet telephony;Weather forecasting;Glass;Robustness;North America;Computer interfaces}, 
	doi={10.1109/89.817460}, 
	ISSN={1063-6676}, 
	month={Jan},}

@inproceedings{Chandramohan:2010:SAD:1944506.1944528,
	author = {Chandramohan, Senthilkumar and Geist, Matthieu and Pietquin, Olivier},
	title = {Sparse Approximate Dynamic Programming for Dialog Management},
	booktitle = {Proceedings of the 11th Annual Meeting of the Special Interest Group on Discourse and Dialogue},
	series = {SIGDIAL '10},
	year = {2010},
	isbn = {978-1-932432-85-5},
	location = {Tokyo, Japan},
	pages = {107--115},
	numpages = {9},
	url = {http://dl.acm.org/citation.cfm?id=1944506.1944528},
	acmid = {1944528},
	publisher = {Association for Computational Linguistics},
	address = {Stroudsburg, PA, USA},
} 
@article{Pietquin_mdp, 
	author={O. Pietquin and T. Dutoit}, 
	journal={IEEE Transactions on Audio, Speech, and Language Processing}, 
	title={A probabilistic framework for dialog simulation and optimal strategy learning}, 
	year={2006}, 
	volume={14}, 
	number={2}, 
	pages={589-599}, 
	keywords={interactive systems;speech recognition;belief networks;learning (artificial intelligence);spoken dialog simulation;optimal strategy learning;probabilistic framework;automatic speech recognition;user model;confidence level distribution estimation;Bayesian networks;natural language understanding modeling;reinforcement-learning agent;Automatic speech recognition;Predictive models;Speech processing;Job design;Process design;Prototypes;Humans;Testing;Design automation;Design optimization;Dialog evaluation;dialog simulation;dialog strategy learning;speech processing;spoken dialog systems}, 
	doi={10.1109/TSA.2005.855836}, 
	ISSN={1558-7916}, 
	month={March},}
@incollection{Singh_mdp,
	title = {Reinforcement Learning for Spoken Dialogue Systems},
	author = {Satinder P. Singh and Michael J. Kearns and Diane J. Litman and Marilyn A. Walker},
	booktitle = {Advances in Neural Information Processing Systems 12},
	editor = {S. A. Solla and T. K. Leen and K. M\"{u}ller},
	pages = {956--962},
	year = {2000},
	publisher = {MIT Press},
	url = {http://papers.nips.cc/paper/1775-reinforcement-learning-for-spoken-dialogue-systems.pdf}
}
@inproceedings{walker2000evaluation,
	title={Evaluation for Darpa Communicator Spoken Dialogue Systems.},
	author={Walker, Marilyn A and Hirschman, Lynette and Aberdeen, John S},
	booktitle={LREC},
	year={2000},
	organization={Citeseer}
}

@article{Williams:2007:POM:1221595.1221967,
	author = {Williams, Jason D. and Young, Steve},
	title = {Partially Observable Markov Decision Processes for Spoken Dialog Systems},
	journal = {Comput. Speech Lang.},
	issue_date = {April, 2007},
	volume = {21},
	number = {2},
	month = apr,
	year = {2007},
	issn = {0885-2308},
	pages = {393--422},
	numpages = {30},
	url = {http://dx.doi.org/10.1016/j.csl.2006.06.008},
	doi = {10.1016/j.csl.2006.06.008},
	acmid = {1221967},
	publisher = {Academic Press Ltd.},
	address = {London, UK, UK},
	keywords = {Decision theory, Dialog management, Markov decision processes, Planning under uncertainty, Spoken dialog system, User modelling},
} 
@inproceedings{HakkaniTr2016NLU,
	title={Multi-Domain Joint Semantic Frame Parsing Using Bi-Directional RNN-LSTM},
	author={Dilek Z. Hakkani-T{\"u}r and G{\"o}khan T{\"u}r and Asli Çelikyilmaz and Yun-Nung Chen and Jianfeng Gao and Li Deng and Ye-Yi Wang},
	booktitle={INTERSPEECH},
	year={2016}
}

@article{Dhingra2016EndtoEndRL,
	title={End-to-End Reinforcement Learning of Dialogue Agents for Information Access},
	author={Bhuwan Dhingra and Lihong Li and Xiujun Li and Jianfeng Gao and Yun-Nung Chen and Faisal Ahmed and Li Deng},
	journal={CoRR},
	year={2016},
	volume={abs/1609.00777}
}

@inproceedings{Cuayhuitl2016SimpleDSAS,
	title={SimpleDS: A Simple Deep Reinforcement Learning Dialogue System},
	author={Heriberto Cuay{\'a}huitl},
	booktitle={IWSDS},
	year={2016}
}
@article{Li17e2eDS,
	author    = {Xiujun Li and
	Yun{-}Nung Chen and
	Lihong Li and
	Jianfeng Gao},
	title     = {End-to-End Task-Completion Neural Dialogue Systems},
	journal   = {CoRR},
	volume    = {abs/1703.01008},
	year      = {2017},
	url       = {http://arxiv.org/abs/1703.01008},
	archivePrefix = {arXiv},
	eprint    = {1703.01008},
	timestamp = {Mon, 13 Aug 2018 16:48:48 +0200},
	biburl    = {https://dblp.org/rec/bib/journals/corr/LiCLG17},
	bibsource = {dblp computer science bibliography, https://dblp.org}
}

@article{Wen_NLG,
	author    = {Tsung{-}Hsien Wen and
	Milica Gasic and
	Nikola Mrksic and
	Pei{-}hao Su and
	David Vandyke and
	Steve J. Young},
	title     = {Semantically Conditioned LSTM-based Natural Language Generation for
	Spoken Dialogue Systems},
	journal   = {CoRR},
	volume    = {abs/1508.01745},
	year      = {2015},
	url       = {http://arxiv.org/abs/1508.01745},
	archivePrefix = {arXiv},
	eprint    = {1508.01745},
	timestamp = {Mon, 13 Aug 2018 16:46:45 +0200},
	biburl    = {https://dblp.org/rec/bib/journals/corr/WenGMSVY15},
	bibsource = {dblp computer science bibliography, https://dblp.org}
}

@ARTICLE{Schatzmann_agenda_sim, 
	author={J. Schatzmann and S. Young}, 
	journal={IEEE Transactions on Audio, Speech, and Language Processing}, 
	title={The Hidden Agenda User Simulation Model}, 
	year={2009}, 
	volume={17}, 
	number={4}, 
	pages={733-747}, 
	keywords={expectation-maximisation algorithm;natural language interfaces;optimisation;speech-based user interfaces;stochastic processes;hidden agenda user simulation model;spoken dialogue system;dialogue policy design;stochastic optimization problem;dialogue path;static dialogue corpora;user simulator;statistical user model;compact stack-like state representation;user agenda;expectation-maximisation based algorithm;hand-crafted baseline;task completion rates;user satisfaction scores;Delta modulation;Speech recognition;Design optimization;Uncertainty;Speech synthesis;Learning;Stochastic systems;History;Process planning;Dialogue management;Markov decision process;planning under uncertainty;spoken dialogue system (SDS);user simulation}, 
	doi={10.1109/TASL.2008.2012071}, 
	ISSN={1558-7916}, 
	month={May},}

@article{Mnih_DQN,
	author    = {Volodymyr Mnih and
	Koray Kavukcuoglu and
	David Silver and
	Alex Graves and
	Ioannis Antonoglou and
	Daan Wierstra and
	Martin A. Riedmiller},
	title     = {Playing Atari with Deep Reinforcement Learning},
	journal   = {CoRR},
	volume    = {abs/1312.5602},
	year      = {2013},
	url       = {http://arxiv.org/abs/1312.5602},
	archivePrefix = {arXiv},
	eprint    = {1312.5602},
	timestamp = {Mon, 13 Aug 2018 16:47:42 +0200},
	biburl    = {https://dblp.org/rec/bib/journals/corr/MnihKSGAWR13},
	bibsource = {dblp computer science bibliography, https://dblp.org}
}

@article{Li_user_sim,
	author    = {Xiujun Li and
	Zachary C. Lipton and
	Bhuwan Dhingra and
	Lihong Li and
	Jianfeng Gao and
	Yun{-}Nung Chen},
	title     = {A User Simulator for Task-Completion Dialogues},
	journal   = {CoRR},
	volume    = {abs/1612.05688},
	year      = {2016},
	url       = {http://arxiv.org/abs/1612.05688},
	archivePrefix = {arXiv},
	eprint    = {1612.05688},
	timestamp = {Mon, 13 Aug 2018 16:47:16 +0200},
	biburl    = {https://dblp.org/rec/bib/journals/corr/LiLDLGC16},
	bibsource = {dblp computer science bibliography, https://dblp.org}
}

@article{Sutskever_seq_2seq,
	author    = {Ilya Sutskever and
	Oriol Vinyals and
	Quoc V. Le},
	title     = {Sequence to Sequence Learning with Neural Networks},
	journal   = {CoRR},
	volume    = {abs/1409.3215},
	year      = {2014},
	url       = {http://arxiv.org/abs/1409.3215},
	archivePrefix = {arXiv},
	eprint    = {1409.3215},
	timestamp = {Mon, 13 Aug 2018 16:48:06 +0200},
	biburl    = {https://dblp.org/rec/bib/journals/corr/SutskeverVL14},
	bibsource = {dblp computer science bibliography, https://dblp.org}
}

@article{karpathy_rnn,
	author    = {Andrej Karpathy},
	title     = {The Unreasonable Effectiveness of Recurrent Neural Networks},
	year      = {2015},
	url       = {http://karpathy.github.io/2015/05/21/rnn-effectiveness/},
	timestamp = {Tue, 11 Sept 2018 16:06:06}
}
@article{Sukhbaatar_end2end_mem_net,
	author    = {Sainbayar Sukhbaatar and
	Arthur Szlam and
	Jason Weston and
	Rob Fergus},
	title     = {Weakly Supervised Memory Networks},
	journal   = {CoRR},
	volume    = {abs/1503.08895},
	year      = {2015},
	url       = {http://arxiv.org/abs/1503.08895},
	archivePrefix = {arXiv},
	eprint    = {1503.08895},
	timestamp = {Mon, 13 Aug 2018 16:49:01 +0200},
	biburl    = {https://dblp.org/rec/bib/journals/corr/SukhbaatarSWF15},
	bibsource = {dblp computer science bibliography, https://dblp.org}
}

@article{babl,
	author    = {facebook-research},
	title     = {The bAbI project},
	journal   = {BABL},
	year      = {2017},
	url       = {https://research.fb.com/downloads/babi/},
}
@article{bordes_weston_e2e,
	author    = {Antoine Bordes and
	Jason Weston},
	title     = {Learning End-to-End Goal-Oriented Dialog},
	journal   = {CoRR},
	volume    = {abs/1605.07683},
	year      = {2016},
	url       = {http://arxiv.org/abs/1605.07683},
	archivePrefix = {arXiv},
	eprint    = {1605.07683},
	timestamp = {Mon, 13 Aug 2018 16:45:59 +0200},
	biburl    = {https://dblp.org/rec/bib/journals/corr/BordesW16},
	bibsource = {dblp computer science bibliography, https://dblp.org}
}
@article{Su_continous_dm,
	author    = {Pei{-}Hao Su and
	Milica Gasic and
	Nikola Mrksic and
	Lina Maria Rojas{-}Barahona and
	Stefan Ultes and
	David Vandyke and
	Tsung{-}Hsien Wen and
	Steve J. Young},
	title     = {Continuously Learning Neural Dialogue Management},
	journal   = {CoRR},
	volume    = {abs/1606.02689},
	year      = {2016},
	url       = {http://arxiv.org/abs/1606.02689},
	archivePrefix = {arXiv},
	eprint    = {1606.02689},
	timestamp = {Mon, 13 Aug 2018 16:46:40 +0200},
	biburl    = {https://dblp.org/rec/bib/journals/corr/SuGMRUVWY16a},
	bibsource = {dblp computer science bibliography, https://dblp.org}
}

@inproceedings{Sutton_pg,
	author = {Sutton, Richard S. and McAllester, David and Singh, Satinder and Mansour, Yishay},
	title = {Policy Gradient Methods for Reinforcement Learning with Function Approximation},
	booktitle = {Proceedings of the 12th International Conference on Neural Information Processing Systems},
	series = {NIPS'99},
	year = {1999},
	location = {Denver, CO},
	pages = {1057--1063},
	numpages = {7},
	url = {http://dl.acm.org/citation.cfm?id=3009657.3009806},
	acmid = {3009806},
	publisher = {MIT Press},
	address = {Cambridge, MA, USA},
}
@article{Schulman_trpo,
	author    = {John Schulman and
	Sergey Levine and
	Philipp Moritz and
	Michael I. Jordan and
	Pieter Abbeel},
	title     = {Trust Region Policy Optimization},
	journal   = {CoRR},
	volume    = {abs/1502.05477},
	year      = {2015},
	url       = {http://arxiv.org/abs/1502.05477},
	archivePrefix = {arXiv},
	eprint    = {1502.05477},
	timestamp = {Mon, 13 Aug 2018 16:48:08 +0200},
	biburl    = {https://dblp.org/rec/bib/journals/corr/SchulmanLMJA15},
	bibsource = {dblp computer science bibliography, https://dblp.org}
}
@article{Peters2006PolicyGM,
	title={Policy Gradient Methods for Robotics},
	author={Jan Peters and Stefan Schaal},
	journal={2006 IEEE/RSJ International Conference on Intelligent Robots and Systems},
	year={2006},
	pages={2219-2225}
}
@Article{Lin1992,
	author="Lin, Long-Ji",
	title="Self-improving reactive agents based on reinforcement learning, planning and teaching",
	journal="Machine Learning",
	year="1992",
	month="May",
	day="01",
	volume="8",
	number="3",
	pages="293--321",
	abstract="To date, reinforcement learning has mostly been studied solving simple learning tasks. Reinforcement learning methods that have been studied so far typically converge slowly. The purpose of this work is thus two-fold: 1) to investigate the utility of reinforcement learning in solving much more complicated learning tasks than previously studied, and 2) to investigate methods that will speed up reinforcement learning.",
	issn="1573-0565",
	doi="10.1007/BF00992699",
	url="https://doi.org/10.1007/BF00992699"
}
@article{Williams_HCN_e2e,
	author    = {Jason D. Williams and
	Kavosh Asadi and
	Geoffrey Zweig},
	title     = {Hybrid Code Networks: practical and efficient end-to-end dialog control
	with supervised and reinforcement learning},
	journal   = {CoRR},
	volume    = {abs/1702.03274},
	year      = {2017},
	url       = {http://arxiv.org/abs/1702.03274},
	archivePrefix = {arXiv},
	eprint    = {1702.03274},
	timestamp = {Mon, 13 Aug 2018 16:47:47 +0200},
	biburl    = {https://dblp.org/rec/bib/journals/corr/WilliamsAZ17},
	bibsource = {dblp computer science bibliography, https://dblp.org}
}
@article{ds_survey,
	author    = {Hongshen Chen and
	Xiaorui Liu and
	Dawei Yin and
	Jiliang Tang},
	title     = {A Survey on Dialogue Systems: Recent Advances and New Frontiers},
	journal   = {CoRR},
	volume    = {abs/1711.01731},
	year      = {2017},
	url       = {http://arxiv.org/abs/1711.01731},
	archivePrefix = {arXiv},
	eprint    = {1711.01731},
	timestamp = {Mon, 13 Aug 2018 16:49:03 +0200},
	biburl    = {https://dblp.org/rec/bib/journals/corr/abs-1711-01731},
	bibsource = {dblp computer science bibliography, https://dblp.org}
}
@inproceedings{Pieraccini2006WhereDW,
	title={Where do we go from here ? Research and commercial spoken dialog systems},
	author={Roberto Pieraccini and Juan M. Huerta},
	year={2006}
}
@inproceedings{ml_dst_review,
	title	= {Machine Learning for Dialog State Tracking: A Review},
	author	= {Matthew Henderson},
	year	= {2015},
	booktitle	= {Proceedings of The First International Workshop on Machine Learning in Spoken Language Processing}
}
@article{Young_dst_dbn,
	title={The Hidden Information State Approach to Dialog Management},
	author={Steve J. Young and Jost Schatzmann and Karl Weilhammer and Hui Ye},
	journal={2007 IEEE International Conference on Acoustics, Speech and Signal Processing - ICASSP '07},
	year={2007},
	volume={4},
	pages={IV-149-IV-152}
}
@inproceedings{roy2000spoken,
	title={Spoken dialogue management using probabilistic reasoning},
	author={Roy, Nicholas and Pineau, Joelle and Thrun, Sebastian},
	booktitle={Proceedings of the 38th Annual Meeting on Association for Computational Linguistics},
	pages={93--100},
	year={2000},
	organization={Association for Computational Linguistics}
}

@inproceedings{Henderson:2008:MMP:1557690.1557710,
	author = {Henderson, James and Lemon, Oliver},
	title = {Mixture Model POMDPs for Efficient Handling of Uncertainty in Dialogue Management},
	booktitle = {Proceedings of the 46th Annual Meeting of the Association for Computational Linguistics on Human Language Technologies: Short Papers},
	series = {HLT-Short '08},
	year = {2008},
	location = {Columbus, Ohio},
	pages = {73--76},
	numpages = {4},
	url = {http://dl.acm.org/citation.cfm?id=1557690.1557710},
	acmid = {1557710},
	publisher = {Association for Computational Linguistics},
	address = {Stroudsburg, PA, USA},
} 
@article{Young:2010:HIS:1621140.1621240,
	author = {Young, Steve and Ga\v{s}i\'{c}, Milica and Keizer, Simon and Mairesse, Fran\c{c}ois and Schatzmann, Jost and Thomson, Blaise and Yu, Kai},
	title = {The Hidden Information State Model: A Practical Framework for POMDP-based Spoken Dialogue Management},
	journal = {Comput. Speech Lang.},
	issue_date = {April, 2010},
	volume = {24},
	number = {2},
	month = apr,
	year = {2010},
	issn = {0885-2308},
	pages = {150--174},
	numpages = {25},
	url = {http://dx.doi.org/10.1016/j.csl.2009.04.001},
	doi = {10.1016/j.csl.2009.04.001},
	acmid = {1621240},
	publisher = {Academic Press Ltd.},
	address = {London, UK, UK},
	keywords = {Hidden Information State model, POMDP, Statistical dialogue systems},
} 
@INPROCEEDINGS{generative_dst_limitation, 
	author={J. D. Williams}, 
	booktitle={2012 IEEE Spoken Language Technology Workshop (SLT)}, 
	title={A critical analysis of two statistical spoken dialog systems in public use}, 
	year={2012}, 
	volume={}, 
	number={}, 
	pages={55-60}, 
	keywords={correlation methods;interactive systems;parameter estimation;performance evaluation;speech recognition;statistical analysis;statistical spoken dialog systems;performance improvement;performance degradation;parameter estimation;confidence scores;speech recognition error correlations;Accuracy;Degradation;Data models;Correlation;Speech recognition;Bars;Market research}, 
	doi={10.1109/SLT.2012.6424197}, 
	ISSN={}, 
	month={Dec}
}
@inproceedings{Lee2013StructuredDM,
	title={Structured Discriminative Model For Dialog State Tracking},
	author={Sungjin Lee},
	booktitle={SIGDIAL Conference},
	year={2013}
}
@inproceedings{Henderson2014WordBasedDS,
	title={Word-Based Dialog State Tracking with Recurrent Neural Networks},
	author={Matthew Henderson and Blaise Thomson and Steve J. Young},
	booktitle={SIGDIAL Conference},
	year={2014}
}
@article{DBLP:journals/corr/MrksicSWTY16,
	author    = {Nikola Mrksic and
	Diarmuid {\'{O}} S{\'{e}}aghdha and
	Tsung{-}Hsien Wen and
	Blaise Thomson and
	Steve J. Young},
	title     = {Neural Belief Tracker: Data-Driven Dialogue State Tracking},
	journal   = {CoRR},
	volume    = {abs/1606.03777},
	year      = {2016},
	url       = {http://arxiv.org/abs/1606.03777},
	archivePrefix = {arXiv},
	eprint    = {1606.03777},
	timestamp = {Mon, 13 Aug 2018 16:46:36 +0200},
	biburl    = {https://dblp.org/rec/bib/journals/corr/MrksicSWTY16},
	bibsource = {dblp computer science bibliography, https://dblp.org}
}
@unknown{Henderson_dst_2014,
	author = {Henderson, Matthew and Thomson, Blaise and Young, Steve},
	year = {2014},
	month = {12},
	pages = {360-365},
	title = {Robust dialog state tracking using delexicalised recurrent neural networks and unsupervised adaptation}
}
@article{Henderson_discriminativ_dst,
	author = {S. Henderson, Matthew},
	year = {2015},
	month = {06},
	pages = {},
	title = {Discriminative methods for statistical spoken dialogue systems}
}
@article{henderson_interdomain,
	author = {Gašić, M and Kim, Dongho and Tsiakoulis, Pirros and Breslin, C and Henderson, M and Szummer, M and Thomson, Blaise and Young, Steve},
	year = {2014},
	month = {01},
	pages = {140-144},
	title = {Incremental on-line adaptation of POMDP-based dialogue managers to extended domains},
	booktitle = {Proceedings of the Annual Conference of the International Speech Communication Association, INTERSPEECH}
}
@article{lopez-cozar-simulation,
	author = {López-Cózar, R and Torre, Ángel and Segura, José and Rubio, Antonio and Sanchez, Victoria},
	year = {2002},
	month = {10},
	pages = {},
	title = {Testing Dialogue Systems By Means of Automatic Generation of Conversations},
	volume = {14},
	booktitle = {Interacting with Computers}
}
@article{Schatzmann_stat_user_sim,
	author = {Schatzmann, Jost and Weilhammer, Karl and Stuttle, Matt and Young, Steve},
	title = {A Survey of Statistical User Simulation Techniques for Reinforcement-learning of Dialogue Management Strategies},
	journal = {Knowl. Eng. Rev.},
	issue_date = {June 2006},
	volume = {21},
	number = {2},
	month = jun,
	year = {2006},
	issn = {0269-8889},
	pages = {97--126},
	numpages = {30},
	url = {http://dx.doi.org/10.1017/S0269888906000944},
	doi = {10.1017/S0269888906000944},
	acmid = {1166054},
	publisher = {Cambridge University Press},
	address = {New York, NY, USA},
} 
@article{Lopez-Cozar_user-sim,
	author = {L\'{o}pez-C\'{o}zar, Ram\'{o}n and Callejas, Zoraida and Mctear, Michael},
	title = {Testing the Performance of Spoken Dialogue Systems by Means of an Artificially Simulated User},
	journal = {Artif. Intell. Rev.},
	issue_date = {December  2006},
	volume = {26},
	number = {4},
	month = dec,
	year = {2006},
	issn = {0269-2821},
	pages = {291--323},
	numpages = {33},
	url = {http://dx.doi.org/10.1007/s10462-007-9059-9},
	doi = {10.1007/s10462-007-9059-9},
	acmid = {1331486},
	publisher = {Kluwer Academic Publishers},
	address = {Norwell, MA, USA},
	keywords = {Artificial intelligence, Natural language processing, Robust human---computer interaction, Speech recognition, Speech understanding, Spoken dialogue systems, User simulation},
}
@inproceedings{Chung_user_sim,
	author = {Chung, Grace},
	title = {Developing a Flexible Spoken Dialog System Using Simulation},
	booktitle = {Proceedings of the 42Nd Annual Meeting on Association for Computational Linguistics},
	series = {ACL '04},
	year = {2004},
	location = {Barcelona, Spain},
	articleno = {63},
	url = {https://doi.org/10.3115/1218955.1218964},
	doi = {10.3115/1218955.1218964},
	acmid = {1218964},
	publisher = {Association for Computational Linguistics},
	address = {Stroudsburg, PA, USA},
} 
@inproceedings{Cuayhuitl2006LearningMD,
	title={Learning multi-goal dialogue strategies using reinforcement learning with reduced state-action spaces},
	author={Heriberto Cuay{\'a}huitl and Steve Renals and Oliver Lemon and Hiroshi Shimodaira},
	booktitle={INTERSPEECH},
	year={2006}
}
@INPROCEEDINGS{4430164, 
	author={J. D. Williams}, 
	booktitle={2007 IEEE Workshop on Automatic Speech Recognition Understanding (ASRU)}, 
	title={A method for evaluating and comparing user simulations: The Cramér-von Mises divergence}, 
	year={2007}, 
	volume={}, 
	number={}, 
	pages={508-513}, 
	keywords={interactive systems;speech recognition;statistical analysis;user modelling;user simulation;spoken dialog system;quality measure;domain-specific scoring function;Cramer-von Mises divergence;statistical analysis;Hidden Markov models;Computational modeling;Machine learning;Speech recognition;Laboratories;Predictive models;Humans;Algorithm design and analysis;Design optimization;Machine learning algorithms;User simulation;user modelling;dialog simulation;dialog management}, 
	doi={10.1109/ASRU.2007.4430164}, 
	ISSN={}, 
	month={Dec},}
@inproceedings{lemon2006evaluating,
	title={Evaluating effectiveness and portability of reinforcement learned dialogue strategies with real users: the TALK TownInfo evaluation},
	author={Lemon, Oliver and Georgila, Kallirroi and Henderson, James},
	booktitle={Spoken Language Technology Workshop, 2006. IEEE},
	pages={178--181},
	year={2006},
	organization={IEEE}
}
@inproceedings{Georgila2006UserSF,
	title={User simulation for spoken dialogue systems: learning and evaluation},
	author={Kallirroi Georgila and James Henderson and Oliver Lemon},
	booktitle={INTERSPEECH},
	year={2006}
}
@article{Cuayhuitl2005HumancomputerDS,
	title={Human-computer dialogue simulation using hidden Markov models},
	author={Heriberto Cuay{\'a}huitl and Steve Renals and Oliver Lemon and Hiroshi Shimodaira},
	journal={IEEE Workshop on Automatic Speech Recognition and Understanding, 2005.},
	year={2005},
	pages={290-295}
}
@article{Scheffler_sim,
	author = {Scheffler, K and Young, Steve},
	year = {2001},
	month = {07},
	pages = {64-70},
	title = {Corpus-Based Dialogue Simulation for Automatic Strategy Learning and Evaluation},
	booktitle = {Proceedings of NAACL Workshop on Adaptation in Dialogue Systems}
}
@inproceedings{Schatzmann2007StatisticalUS,
	title={Statistical User Simulation with a Hidden Agenda},
	author={Jost Schatzmann and Blaise Thomson and S. Young},
	year={2007}
}
@inproceedings{georgila1998integrated,
	title={An integrated dialogue system for the automation of call centre services},
	author={Georgila, Kallirroi and Tsopanoglou, Anastasios and Fakotakis, Nikos and Kokkinakis, George},
	booktitle={Fifth International Conference on Spoken Language Processing},
	year={1998}
}
@inproceedings{chai2001natural,
	title={Natural Language Sales Assistant-A Web-Based Dialog System for Online Sales.},
	author={Chai, Joyce Yue and Kambhatla, Nanda and Zadrozny, Wlodek}
}
@inproceedings{su2013dialoguegame,
	title={A dialogue game framework with personalized training using reinforcement learning for computer-assisted language learning},
	author={Su, Pei-hao and Wang, Yow-Bang and Yu, Tien-han and Lee, Lin-shan},
	booktitle={Acoustics, Speech and Signal Processing (ICASSP), 2013 IEEE International Conference on},
	pages={8213--8217},
	year={2013},
	organization={IEEE}
}
@article{ELVIS,
	author    = {Marilyn A. Walker},
	title     = {An Application of Reinforcement Learning to Dialogue Strategy Selection
	in a Spoken Dialogue System for Email},
	journal   = {CoRR},
	volume    = {abs/1106.0241},
	year      = {2011},
	url       = {http://arxiv.org/abs/1106.0241},
	archivePrefix = {arXiv},
	eprint    = {1106.0241},
	timestamp = {Mon, 13 Aug 2018 16:48:40 +0200},
	biburl    = {https://dblp.org/rec/bib/journals/corr/abs-1106-0241},
	bibsource = {dblp computer science bibliography, https://dblp.org}
}
@inproceedings{Shriver_unified,
	author = {Shriver, Stefanie and Toth, Arthur and Zhu, Xiaojin and Rudnicky, Alex and Rosenfeld, Roni},
	title = {A Unified Design for Human-machine Voice Interaction},
	booktitle = {CHI '01 Extended Abstracts on Human Factors in Computing Systems},
	series = {CHI EA '01},
	year = {2001},
	isbn = {1-58113-340-5},
	location = {Seattle, Washington},
	pages = {247--248},
	numpages = {2},
	url = {http://doi.acm.org/10.1145/634067.634214},
	doi = {10.1145/634067.634214},
	acmid = {634214},
	publisher = {ACM},
	address = {New York, NY, USA},
	keywords = {speech, spoken dialog systems, user interface},
} 
@article{TRAIN,
	author    = {James F. Allen and
	Bradford W. Miller and
	Eric K. Ringger and
	Teresa Sikorski},
	title     = {A Robust System for Natural Spoken Dialogue},
	journal   = {CoRR},
	volume    = {cmp-lg/9606023},
	year      = {1996},
	url       = {http://arxiv.org/abs/cmp-lg/9606023},
	timestamp = {Mon, 13 Aug 2018 16:49:01 +0200},
	biburl    = {https://dblp.org/rec/bib/journals/corr/cmp-lg-9606023},
	bibsource = {dblp computer science bibliography, https://dblp.org}
}
@inproceedings{allen2002human,
	title={Human-machine collaborative planning},
	author={Allen, James and Ferguson, George}
}
@inproceedings{ferguson1998trips,
	title={TRIPS: An integrated intelligent problem-solving assistant},
	author={Ferguson, George and Allen, James F and others}
}
@article{rl_overview,
	title={Deep reinforcement learning: An overview},
	author={Li, Yuxi},
	journal={arXiv preprint arXiv:1701.07274},
	year={2017}
}
@inproceedings{verleysen2005curse,
	title={The curse of dimensionality in data mining and time series prediction},
	author={Verleysen, Michel and Fran{\c{c}}ois, Damien},
	booktitle={International Work-Conference on Artificial Neural Networks},
	pages={758--770},
	year={2005},
	organization={Springer}
}
@article{hornik1989multilayer,
	title={Multilayer feedforward networks are universal approximators},
	author={Hornik, Kurt and Stinchcombe, Maxwell and White, Halbert},
	journal={Neural networks},
	volume={2},
	number={5},
	pages={359--366},
	year={1989},
	publisher={Elsevier}
}
@phdthesis{schulman2016optimizing,
	title={Optimizing expectations: From deep reinforcement learning to stochastic computation graphs},
	author={Schulman, John},
	year={2016},
	school={UC Berkeley}
}
@book{Goodfellow-et-al-2016,
	title={Deep Learning},
	author={Ian Goodfellow and Yoshua Bengio and Aaron Courville},
	publisher={MIT Press},
	note={\url{http://www.deeplearningbook.org}},
	year={2016}
}
@inproceedings{jarrett2009best,
	title={What is the best multi-stage architecture for object recognition?},
	author={Jarrett, Kevin and Kavukcuoglu, Koray and LeCun, Yann and others},
	booktitle={Computer Vision, 2009 IEEE 12th International Conference on},
	pages={2146--2153},
	year={2009},
	organization={IEEE}
}
@inproceedings{maas2013rectifier,
	title={Rectifier nonlinearities improve neural network acoustic models},
	author={Maas, Andrew L and Hannun, Awni Y and Ng, Andrew Y},
	booktitle={Proc. icml},
	volume={30},
	number={1},
	pages={3},
	year={2013}
}
@inproceedings{he2015delving,
	title={Delving deep into rectifiers: Surpassing human-level performance on imagenet classification},
	author={He, Kaiming and Zhang, Xiangyu and Ren, Shaoqing and Sun, Jian},
	booktitle={Proceedings of the IEEE international conference on computer vision},
	pages={1026--1034},
	year={2015}
}
@article{cauchy1847methode,
	title={M{\'e}thode g{\'e}n{\'e}rale pour la r{\'e}solution des systemes d’{\'e}quations simultan{\'e}es},
	author={Cauchy, Augustin}
}
@article{rumelhart1986learning,
	title={Learning representations by back-propagating errors},
	author={Rumelhart, David E and Hinton, Geoffrey E and Williams, Ronald J},
	journal={nature},
	volume={323},
	number={6088},
	pages={533},
	year={1986},
	publisher={Nature Publishing Group}
}@INPROCEEDINGS{Williams92REINFORCE,
author = {Ronald J. Williams},
title = {Simple statistical gradient-following algorithms for connectionist reinforcement learning},
booktitle = {Machine Learning},
year = {1992},
pages = {229--256}
}
@article{kingma2014adam,
	title={Adam: A method for stochastic optimization},
	author={Kingma, Diederik P and Ba, Jimmy},
	journal={arXiv preprint arXiv:1412.6980},
	year={2014}
}
  @Manual{python,
	title = {Python: A dynamic, open source programming 
	language},
	author = {{Python Core Team}},
	organization = {Python Software Foundation},
	year = {2015},
	url = {https://www.python.org/},
}
@inproceedings{tensorflow,
	title	= {TensorFlow: A system for large-scale machine learning},
	author	= {Martin Abadi and Paul Barham and Jianmin Chen and Zhifeng Chen and Andy Davis and Jeffrey Dean and Matthieu Devin and Sanjay Ghemawat and Geoffrey Irving and Michael Isard and Manjunath Kudlur and Josh Levenberg and Rajat Monga and Sherry Moore and Derek G. Murray and Benoit Steiner and Paul Tucker and Vijay Vasudevan and Pete Warden and Martin Wicke and Yuan Yu and Xiaoqiang Zheng},
	year	= {2016},
	URL	= {https://www.tensorflow.org},
	booktitle	= {12th USENIX Symposium on Operating Systems Design and Implementation (OSDI 16)},
	pages	= {265--283}
}
@ARTICLE{numpy, 
	author  = {Dubois, Paul F. and Konrad Hinsen and James Hugunin}, 
	year    = {1996}, 
	title   = {Numerical Python(NumPy}, 
	journal = {Computers in Physics}, 
	volume  = 10, 
	number  = 3, 
	month   = {May/June}, 
	keywords = {numpy} ,
	URL	= {https://www.numpy.org}
} 
@misc{keras,
	author = {François Chollet },
	title = {keras},
	year = {2015},
	publisher = {GitHub},
	journal = {GitHub repository},
	howpublished = {\url{https://github.com/fchollet/keras}},
	commit = {5bcac37},
	URL	= {https://keras.io/}
}
@article{sutton1988TFDearning,
	title={Learning to predict by the methods of temporal differences},
	author={Sutton, Richard S},
	journal={Machine learning},
	volume={3},
	number={1},
	pages={9--44},
	year={1988},
	publisher={Springer}
}
@phdthesis{watkins1989Qlearning,
	title={Learning from delayed rewards},
	author={Watkins, Christopher John Cornish Hellaby},
	year={1989},
	school={King's College, Cambridge}
}
@article{adam2012experience,
	title={Experience replay for real-time reinforcement learning control},
	author={Adam, Sander and Busoniu, Lucian and Babuska, Robert},
	journal={IEEE Transactions on Systems, Man, and Cybernetics, Part C (Applications and Reviews)},
	volume={42},
	number={2},
	pages={201--212},
	year={2012},
	publisher={IEEE}
}
@article{liu2016not,
	title={How not to evaluate your dialogue system: An empirical study of unsupervised evaluation metrics for dialogue response generation},
	author={Liu, Chia-Wei and Lowe, Ryan and Serban, Iulian V and Noseworthy, Michael and Charlin, Laurent and Pineau, Joelle},
	journal={arXiv preprint arXiv:1603.08023},
	year={2016}
}
@article{bordes2016learning,
	title={Learning end-to-end goal-oriented dialog},
	author={Bordes, Antoine and Boureau, Y-Lan and Weston, Jason},
	journal={arXiv preprint arXiv:1605.07683},
	year={2016}
}
@inproceedings{walker1997paradise,
	title={PARADISE: A framework for evaluating spoken dialogue agents},
	author={Walker, Marilyn A and Litman, Diane J and Kamm, Candace A and Abella, Alicia},
	booktitle={Proceedings of the eighth conference on European chapter of the Association for Computational Linguistics},
	pages={271--280},
	year={1997},
	organization={Association for Computational Linguistics}
}
@inproceedings{larsen2003issues,
	title={Issues in the evaluation of spoken dialogue systems using objective and subjective measures},
	author={Larsen, Lars Bo},
	booktitle={Automatic Speech Recognition and Understanding, 2003. ASRU'03. 2003 IEEE Workshop on},
	pages={209--214},
	year={2003},
	organization={IEEE}
}
@article{frey2017future,
	title={The future of employment: how susceptible are jobs to computerisation?},
	author={Frey, Carl Benedikt and Osborne, Michael A},
	journal={Technological forecasting and social change},
	volume={114},
	pages={254--280},
	year={2017},
	publisher={Elsevier}
}
@article{hochreiter1997long,
	title={Long short-term memory},
	author={Hochreiter, Sepp and Schmidhuber, J{\"u}rgen},
	journal={Neural computation},
	volume={9},
	number={8},
	pages={1735--1780},
	year={1997},
	publisher={MIT Press}
}
@article{hochreiter1998vanishing,
	title={The vanishing gradient problem during learning recurrent neural nets and problem solutions},
	author={Hochreiter, Sepp},
	journal={International Journal of Uncertainty, Fuzziness and Knowledge-Based Systems},
	volume={6},
	number={02},
	pages={107--116},
	year={1998},
	publisher={World Scientific}
}
@inproceedings{peters2005natural,
	title={Natural actor-critic},
	author={Peters, Jan and Vijayakumar, Sethu and Schaal, Stefan},
	booktitle={European Conference on Machine Learning},
	pages={280--291},
	year={2005},
	organization={Springer}
}
@incollection{mataric1994reward,
	title={Reward functions for accelerated learning},
	author={Mataric, Maja J},
	booktitle={Machine Learning Proceedings 1994},
	pages={181--189},
	year={1994},
	publisher={Elsevier}
}
@inproceedings{ng1999policy,
	title={Policy invariance under reward transformations: Theory and application to reward shaping},
	author={Ng, Andrew Y and Harada, Daishi and Russell, Stuart},
	booktitle={ICML},
	volume={99},
	pages={278--287},
	year={1999}
}
@incollection{LeCun:1998:CNI:303568.303704,
	author = {LeCun, Yann and Bengio, Yoshua},
	chapter = {Convolutional Networks for Images, Speech, and Time Series},
	title = {The Handbook of Brain Theory and Neural Networks},
	editor = {Arbib, Michael A.},
	year = {1998},
	isbn = {0-262-51102-9},
	pages = {255--258},
	numpages = {4},
	url = {http://dl.acm.org/citation.cfm?id=303568.303704},
	acmid = {303704},
	publisher = {MIT Press},
	address = {Cambridge, MA, USA},
} 
