@unknown{unknown,
author = {Levin, Esther and Pieraccini, R and Eckert, W},
year = {1998},
month = {01},
pages = {72 - 79},
title = {Learning dialogue strategies within the Markov decision process framework},
isbn = {0-7803-3698-4}
}