@article{article,
author = {Bellman, Richard},
year = {1957},
month = {04},
pages = {15},
title = {A Markovian Decision Process},
volume = {6},
booktitle = {Indiana University Mathematics Journal}
}